@book{hale1964,
    author    = "Robert Beverly Hale",
    title     = "Drawing Lessons From The Great Masters",
    year      = 1964,
    publisher = "Watson-Guptill",
    address   = "Broadway, Nova Iorque, EUA"
}
@book{italianos1987,
    title     = "Desenhos Italianos - Gravuras de Bartolozzi",
    editor    = "Universidade do Porto",
    year      = 1987,
    publisher ="Universidade do Porto",
    address   = "Museu Nacional Soares dos Reis, Porto"
}
@book{mestreseuropeus2000,
    title     = "Desenhos de Mestres Europeus Em Colecções Portuguesas",
    author    = "Nicholas Turner",
    year      = 2000,
    publisher ="Ministério da Cultura/Centro Cultural de Belém"
}
@online{armenini,
    url = "http://books.google.pt/books?id=ecAtJZO1R_MC&printsec=frontcover&hl=pt-PT&source=gbs_ge_summary_r&cad=0#v=onepage&q&f=false"
}

@online{cambiaso-backside,
    url = "http://chrisjagers.com/2006/5/11/cambiasos-backside.html"
}

@online{halevideos,
url ="http://jo-an.com/art_video.htm"
}


@artwork{pontormo,
        title = "Um menino",
        author = "Jacopo Pontormo",
        type = "Carvão sobre papel",
        note = "20x30cm",
        year = 1556
}
@artwork{cambiaso-1,
        title = "Umas cenas",
        author = "Luca Cambiaso",
        type = "Carvão sobre papel",
        note = "20x30cm",
        year = 1556
}
@artwork{cambiaso-2,
        title = "Umas cenas",
        author = "Luca Cambiaso",
        type = "Carvão sobre papel",
        note = "20x30cm",
        year = 1556
}
@artwork{cambiaso-3,
        title = "Umas cenas",
        author = "Luca Cambiaso",
        type = "Carvão sobre papel",
        note = "20x30cm",
        year = 1556
}
@artwork{rembrandt-1,
        title = "Umas cenas",
        author = "Rembrandt van Rijn",
        type = "Carvão sobre papel",
        note = "20x30cm",
        year = "ca. 1556",
        date = "1234"

}
@artwork{rembrandt-2,
        title = "Umas cenas",
        author = "Rembrandt van Rijn",
        type = "Carvão sobre papel",
        note = "20x30cm",
        year = "ca. 1556",
        date = "1234"
}


@Comment http://www.scribd.com/doc/25141839/Cambiaso-Gallery-Guide nao esquecer