@online{wiki-senuseret,
 author  = "Wikipedia",
 title   = "Senuseret III",
  url     = "https://en.wikipedia.org/wiki/Senusret_III"
}

@online{wiki-breasted,
 author  = "J. H. Breasted",
 title   = "Ancient Records of Egipt apud Wikipedia",
 year    = 1906,
 url     = "https://en.wikipedia.org/wiki/Senusret_III"
}

@online{wiki-wegner,
  author = "Josef Wegner",
  title = "The Nature and Chronology of the Senwosret III–Amenemhat III Regnal Succession: Some Considerations based on new evidence from the Mortuary Temple of Senwosret III at Abydos, apud Wikipedia",
  year = 1966,
  url = "https://en.wikipedia.org/wiki/Senusret_III"
}

@online{wiki-anadiomenoa,
  author = "Wikipedia",
  title = "Venus Anadiomena",
  year = 2016,
  url = "https://es.wikipedia.org/wiki/Venus_Anadiomena"
}

@online{wiki-frine,
  author = "Wikipedia",
  title = "Friné",
  year = 2016,
  url = "https://es.wikipedia.org/wiki/Frin%C3%A9"
}

@online{gerome,
author = "Jean-Léon Gérôme",
title = "Friné ante o Aerópago",
year = 1861,
url = "https://commons.wikimedia.org/wiki/File:Jean-L%C3%A9on_G%C3%A9r%C3%B4me,_Phryne_revealed_before_the_Areopagus_(1861)_-_01.jpg"
}

@online{wiki-leoni,
  author = "Wikipedia",
  title = "Pompeo Leoni",
  year = 2016,
  url = "https://it.wikipedia.org/wiki/Pompeo_Leoni"
}

@book{desenhos-europeus,
  title = "Desenhos de Mestres Europeus em Colecções Portuguesas",
  author = "Nicholas Turner",
  editor = "Ministério da Cultura / Centro Cultural de Belém",
  year = 2000
}

@book{desenhos-porto,
  title = "Desenhos Italianos. Gravuras de Bartolozzi",
  editor = "Universidade do Porto",
  publisher = "Universidade do Porto",
  year = 1987
}

@online{facsimile,
  title = {Carta para Theo van Gogh. Arles, Tuesday},
  author  = "Van Gogh, Vincent",
  year = {1888},
  url = "http://vangoghletters.org/vg/letters/let705/letter.html"
}