@book{calado,
     author = "Margarida Calado",
     title = "Comunicação oral, Teorias da Arte II",
     year = 2015,
     publisher = "Apontamentos de aula por João Távora"
}

@book{holanda,
     author = "Francisco d'Holanda",
     title = "Lembrança ao Sereníssimo e Cristianíssimo
     Rei Dom Sebastião de Quanto Serve a Ciência do
     Desenho e Entendimento da Arte da Pintura na
     República Cristã, Assim na Paz Como na Guerra.",
     year = 1571,
     publisher = "Livros do Horizonte, 1985"
}

@book{teresa-desenho,
      author = "Teresa Lousa",
      title = "Francisco de Holanda e a Ascensão do Pintor",
                  year = 2013,
      publisher = "Faculdade de Belas-Artes da Universidade de Lisboa"}

@book{holanda-pintura,
      author = "Francisco d'Holanda",
      title = "Da Pintura Antiga",
      year = 1548,
      publisher = "INCM, 1984"}

@book{segurado,
      author = "Jorge Segurado",
      title = "De aetatibus mundi imagines.",
      year = 1983,
      publisher = "edição fac-similada com estudo de Jorge Segurado"}

