@book{panofsky-suger,
    author    = "Erwin Panofsky",
    title     = "Aboot Suger on the Abbey Church of Saint-Denis and its Treasures, 2nd ed.",
    year      = 1946,
    publisher = "Princeton Press",
    address   = "Pinrceton, N.J."
}

@book{panofsky-renascimento,
     author = "Erwin Panofsky",
     title = "Renascimento e renascimentos na arte ocidental",
     year = 1981,
     publisher = "Presença"
}

@book{calado,
     author = "Margarida Calado",
     title = "Comunicação oral, Teorias da Arte I",
     year = 2014,
     publisher = "Apontamentos de aula por João Távora"
}

@book{bernard-critique,
     author = "Bernardo de Claraval",
     title = "Lettres",
     publisher = "H. Rochais, Éditions du Cert",
     year = 1997,
     address = "Paris"
}

@online{suger-folheto,
     author = "Suger de Saint-Denis",
     title = "Mémoire sur la consécration de Saint-Denis",
     url = "https://fr.wikipedia.org/wiki/Suger_de_Saint-Denis"
}

@online{bernard-apologie,
     title = "Apologie à Guillaume de Saint-Thierry",
     author = "Bernardo de Claraval",
     url = "https://fr.wikipedia.org/wiki/Suger_de_Saint-Denis"
}

@online{wikipedia-suger,
    author = "Wikipedia",
    title = "Suger de Saint-Denis",
    url = "https://fr.wikipedia.org/wiki/Suger_de_Saint-Denis"
}

@online{wikipedia-abadia,
    author = "Wikipedia",
    title = "Basilique Saint-Denis",
    url = "https://fr.wikipedia.org/wiki/Basilique_Saint-Denis"
}

@online{jago-suger,
    author = "James Jago",
    title = "Abbot Suger of Saint-Denis: A Twelfth-Century Patron and His Writings",
    url = "https://www.academia.edu/4637436/Abbot_Suger_of_Saint-Denis_A_Twelfth-Century_Patron_and_His_Writings"
}

@artwork{pontormo,
        title = "Um menino",
        author = "Jacopo Pontormo",
        type = "Carvão sobre papel",
        note = "20x30cm",
        year = 1556
}
