@book{calado,
     author = "Margarida Calado",
     title = "Comunicação oral, Teorias da Arte II",
     year = 2015,
     publisher = "Apontamentos de aula por João Távora"
}

@book{holanda,
     author = "Francisco d'Holanda",
     title = "Do Tirar Polo Natural. Edição anotada por José da Felicidade Alves",
     year = 1549,
     publisher = "Livros do Horizonte, 1985"
}

@book{holanda-desenho,
     author = "Francisco d'Holanda",
     title = "Lembrança ao Sereníssimo e Cristianíssimo Rei Dom
                  Sebastião de Quanto Serve a Ciência do Desenho e
                  Entendimento da Arte da Pintura na República Cristã,
                  Assim na Paz Como na Guerra. Edição anotada por José
                  da Felicidade Alves",
     year = 1571,
     publisher = "Livros do Horizonte, 1985"
}

@book{teresa-desenho,
      author = "Teresa Lousa",
      title = "Francisco de Holanda e a Ascensão do Pintor. Doutoramento",
                  year = 2013,
      publisher = "Faculdade de Belas-Artes da Universidade de Lisboa"}

@book{holanda-pintura,
      author = "Francisco d'Holanda",
      title = "Da Pintura Antiga",
      year = 1548,
      publisher = "INCM, 1984"}

@book{segurado,
      author = "Jorge Segurado",
      title = "De aetatibus mundi imagines.",
      year = 1983,
      publisher = "edição fac-similada com estudo de Jorge Segurado"}

@book{raphael,
      author = "Raphael do Sacramento Fonseca",
      title = "Francisco da Holanda: ``Do Tirar pelo Natural'' e a
                  retratística. Dissertação de Mestrado",
      year = 2010,
      publisher = "Universidade Estadual de Campinas, Instituto de
                  Filosofia e Ciências Humanas, Brasil"}

@book{campbell,
      author = "Campbell, Lorne",
      title = "Renaissance portraits – European portrait-painting in
                  the 14th , 15th and 16th centuries",
      year = 1990,
      publisher = "Yale University Press, Londres, Reino Unido"}



