@book{manoel,
  author = "Manoel de Barros",
  title = "O livro das ignorãças",
  year = 1993,
  publisher = "Record, 2003",
  url = "http://comvest.uepb.edu.br/concursos/vestibulares/vest2013/Manuel_de_BarrosO_Livro_Das_Ignoracas.pdf"
}

@online{vidabreve,
  url = "http://www.rtp.pt/play/p1109/e213460/a-vida-breve"
}

@online{facsimile,
  url = "http://vangoghletters.org/vg/letters/let705/letter.html"
}


@book{demaistre,
  author = "Xavier de Maistre",
  title = "Viagem à volta do meu quarto. Expedição nocturna à volta do meu quarto",
  year = 1795,
  publisher = "Tinta da China, 2015"
}

@online{goghroom,
 author  = "Vincent Van Gogh",
 title   = "De slaapkamer",
 year    = 1888,
 urlseen = "4-01-16",
 url     = "https://commons.wikimedia.org/wiki/File:Vincent_van_Gogh_-_De_slaapkamer_-_Google_Art_Project.jpg",
}

@book{bruno2002atlas,
  title={Atlas of Emotion: Journeys in Art, Architecture, and Film},
  author={Bruno, G.},
  isbn={9781859848029},
  lccn={2004533257},
  url={https://books.google.pt/books?id=4F4PKXuC2HEC},
  year={2002},
  publisher={Verso}
}






